%% This BibTeX bibliography file was created using BibDesk.
%% http://bibdesk.sourceforge.net/


%% Created for Erik Swanson at 2014-06-09 20:12:36 -0400 


%% Saved with string encoding Unicode (UTF-8) 



@article{venkataraman14,
	Author = {Gaurav Venkataraman and Deepa Srikumar and Miguel Holmgren},
	Date-Added = {2014-06-10 00:01:32 +0000},
	Date-Modified = {2014-06-10 00:12:21 +0000},
	Journal = {Nature Communications},
	Month = {June},
	Title = {Quasi-specific access of the potassium channel inactivation gate.},
	Volume = {5},
	Year = {2014}}

@url{beazley09,
	Author = {David Beazley},
	Date-Added = {2014-05-10 01:17:41 +0000},
	Date-Modified = {2014-05-10 03:04:18 +0000},
	Title = {A Curious Course on Coroutines and Concurrency},
	Url = {http://www.dabeaz.com/coroutines/},
	Urldate = {2009},
	Bdsk-Url-1 = {http://www.dabeaz.com/coroutines/}}

@book{howey12,
	Author = {Hugh Howey},
	Date-Added = {2014-05-05 22:56:50 +0000},
	Date-Modified = {2014-05-05 23:29:28 +0000},
	Publisher = {Simon \& Schuster Paperbacks},
	Read = {1},
	Series = {Silo Series},
	Title = {Wool},
	Year = {2012}}
